
@article{jagadish2014big,
  title={Big data and its technical challenges},
  author={Jagadish, HV and Gehrke, Johannes and Labrinidis, Alexandros and Papakonstantinou, Yannis and Patel, Jignesh M and Ramakrishnan, Raghu and Shahabi, Cyrus},
  journal={Communications of the ACM},
  volume={57},
  number={7},
  pages={86--94},
  year={2014},
  publisher={ACM}
}

@inproceedings{babuji2019parsl,
  title={Parsl: Pervasive parallel programming in python},
  author={Babuji, Yadu and Woodard, Anna and Li, Zhuozhao and Katz, Daniel and Clifford, Ben and Kumar, Rohan and Lacinski, Lukasz and Chard, Ryan and Wozniak, Justin and Foster, Ian},
  booktitle={Proceedings of the 28th Int'l Symposium on High-Performance Parallel and Distributed Computing},
  pages={25--36},
  year={2019},
  organization={ACM}
}

@inproceedings{skluzacek2019serverless,
  title={Serverless Workflows for Indexing Large Scientific Data},
  author={Skluzacek, Tyler J. and Chard, Ryan and Wong, Ryan and Li, Zhuozhao and Babuji, Yadu and Ward, Logan and Blaiszik, Ben and Chard, Kyle and Foster, Ian},
  booktitle={5th Workshop on Serverless Computing (WoSC '19)},
  location={Davis, CA, USA},
  numpages={6},
  year={2019},
  address={New York, NY, USA},
  url={https://doi.org/10.1145/3366623.3368140},
  organization={ACM}
}

@article{chard2019serverless,
  title={Serverless Supercomputing: High Performance Function as a Service for Science},
  author={Chard, Ryan and Skluzacek, Tyler J and Li, Zhuozhao and Babuji, Yadu and Woodard, Anna and Blaiszik, Ben and Tuecke, Steven and Foster, Ian and Chard, Kyle},
  journal={arXiv preprint arXiv:1908.04907},
  year={2019}
}


@inproceedings{jetstream,
  title={Jetstream: a self-provisioned, scalable science and engineering cloud environment},
  author={Stewart, Craig A and Cockerill, Timothy M and Foster, Ian and Hancock, David and Merchant, Nirav and Skidmore, Edwin and Stanzione, Daniel and Taylor, James and Tuecke, Steven and Turner, George and others},
  booktitle={Proceedings of the 2015 XSEDE Conference: Scientific Advancements Enabled by Enhanced Cyberinfrastructure},
  pages={29},
  year={2015},
  organization={ACM}
}


@article{miloslavskaya2016big,
  title={Big data, fast data and data lake concepts},
  author={Miloslavskaya, Natalia and Tolstoy, Alexander},
  journal={Procedia Computer Science},
  volume={88},
  pages={300--305},
  year={2016},
  publisher={Elsevier}
}

@article{presser1980collaboration,
  title={Collaboration and the quality of research},
  author={Presser, Stanley},
  journal={Social studies of Science},
  volume={10},
  number={1},
  pages={95--101},
  year={1980},
  publisher={Sage Publications Sage CA: Thousand Oaks, CA}
}

@book{mattmann2011tika,
  title={Tika in action},
  author={Mattmann, Chris and Zitting, Jukka},
  year={2011},
  publisher={Manning Publications}
}

@INPROCEEDINGS{wozniak15bigdata,
author={J. M. Wozniak and K. Chard and B. Blaiszik and R. Osborn and M. Wilde and I. Foster},
booktitle={2nd IEEE/ACM International Symposium on Big Data Computing (BDC)},
title={Big Data Remote Access Interfaces for Light Source Science},
year={2015},
pages={51-60},
ISSN={},
month={Dec},}

@article{egan2003vizier,
  title={{VizieR Online Data Catalog: MSX6C} Infrared Point Source Catalog. {T}he Midcourse Space Experiment Point Source Catalog Version 2.3 (October 2003)},
  author={Egan, MP and Price, SD and Kraemer, KE and Mizuno, DR and Carey, SJ and Wright, CO and Engelke, CW and Cohen, M and Gugliotti, MG},
  journal={VizieR Online Data Catalog},
  volume={5114},
  year={2003}
}

@article{welter2013nhgri,
  title={The {NHGRI GWAS} Catalog, a curated resource of {SNP}-trait associations},
  author={Welter, Danielle and MacArthur, Jacqueline and Morales, Joannella and Burdett, Tony and Hall, Peggy and Junkins, Heather and Klemm, Alan and Flicek, Paul and Manolio, Teri and Hindorff, Lucia and others},
  journal={Nucleic Acids Research},
  volume={42},
  number={D1},
  pages={D1001--D1006},
  year={2013},
  publisher={Oxford University Press}
}

@article{irods,
  title={iRODS primer: integrated rule-oriented data system},
  author={Rajasekar, Arcot and Moore, Reagan and Hou, Chien-yi and Lee, Christopher A and Marciano, Richard and de Torcy, Antoine and Wan, Michael and Schroeder, Wayne and Chen, Sheau-Yen and Gilbert, Lucas and others},
  journal={Synthesis Lectures on Information Concepts, Retrieval, and Services},
  volume={2},
  number={1},
  pages={1--143},
  year={2010},
  publisher={Morgan \& Claypool Publishers}
}

@misc{dataverse,
  title={An introduction to the dataverse network as an infrastructure for data sharing},
  author={King, Gary},
  year={2007},
  publisher={Sage Publications Sage CA: Los Angeles, CA}
}

@article{blaiszik2016materials,
  title={The Materials Data Facility: Data services to advance materials science research},
  author={Blaiszik, Ben and Chard, Kyle and Pruyne, Jim and Ananthakrishnan, Rachana and Tuecke, Steven and Foster, Ian},
  journal={JOM},
  volume={68},
  number={8},
  pages={2045--2052},
  year={2016},
  publisher={Springer}
}

@misc{matio,
	author = {Materials Data Facility},
	year = 2019,
	title = {MaterialsIO},
	howpublished = {\url{https://github.com/materials-data-facility/MaterialsIO}},
}

@misc{essdive,
	author = {Environmental Systems Science Data Infrastructure for a Virtual Ecosystem},
	year = 2019,
	title = {ESS-DIVE},
	howpublished = {\url{https://ess-dive.lbl.gov/}},
}

@inproceedings{terrizzano2015data,
  title={Data Wrangling: The Challenging Yourney from the Wild to the Lake.},
  author={Terrizzano, Ignacio G and Schwarz, Peter M and Roth, Mary and Colino, John E},
  booktitle={CIDR},
  year={2015}
}

@article{deutsch2018bdqc,
  title={BDQC: a general-purpose analytics tool for domain-blind validation of Big Data},
  author={Deutsch, Eric and Kramer, Roger and Ames, Joseph and Bauman, Andrew and Campbell, David S and Chard, Kyle and Clark, Kristi and D'Arcy, Mike and Dinov, Ivo and Donovan, Rory and others},
  journal={bioRxiv},
  pages={258822},
  year={2018},
  publisher={Cold Spring Harbor Laboratory}
}

@inproceedings{padhy2015brown,
  title={Brown Dog: Leveraging everything towards autocuration},
  author={Padhy, Smruti and Jansen, Greg and Alameda, Jay and Black, Edgar and Diesendruck, Liana and Dietze, Mike and Kumar, Praveen and Kooper, Rob and Lee, Jong and Liu, Rui and others},
  booktitle={2015 IEEE International Conference on Big Data (Big Data)},
  pages={493--500},
  year={2015},
  organization={IEEE}
}

@inproceedings{rodrigo2018sciencesearch,
  title={ScienceSearch: Enabling search through automatic metadata generation},
  author={Rodrigo, Gonzalo P and Henderson, Matt and Weber, Gunther H and Ophus, Colin and Antypas, Katie and Ramakrishnan, Lavanya},
  booktitle={2018 IEEE 14th International Conference on e-Science (e-Science)},
  pages={93--104},
  year={2018},
  organization={IEEE}
}

@inproceedings{ananthakrishnan2018globus,
  title={Globus platform services for data publication},
  author={Ananthakrishnan, Rachana and Blaiszik, Ben and Chard, Kyle and Chard, Ryan and McCollam, Brendan and Pruyne, Jim and Rosen, Stephen and Tuecke, Steven and Foster, Ian},
  booktitle={Proceedings of the Practice and Experience on Advanced Research Computing},
  pages={14},
  year={2018},
  organization={ACM}
}
@inproceedings{tuecke2016globus,
  title={Globus Auth: A research identity and access management platform},
  author={Tuecke, Steven and Ananthakrishnan, Rachana and Chard, Kyle and Lidman, Mattias and McCollam, Brendan and Rosen, Stephen and Foster, Ian},
  booktitle={2016 IEEE 12th International Conference on e-Science (e-Science)},
  pages={203--212},
  year={2016},
  organization={IEEE}
}

@article{blaiszik2019mdf,
	archivePrefix = {arXiv},
	arxivId = {1904.10423},
	author = {Blaiszik, Ben and Ward, Logan and Schwarting, Marcus and Gaff, Jonathon and Chard, Ryan and Pike, Daniel and Chard, Kyle and Foster, Ian},
	eprint = {1904.10423},
	month = {apr},
	title = {{A Data Ecosystem to Support Machine Learning in Materials Science}},
	year = {2019}
}

@article{ward2018accelerating,
	author = {Ward, Logan and Aykol, Muratahan and Blaiszik, Ben and Foster, Ian and Meredig, Bryce and Saal, James and Suram, Santosh},
	doi = {10.1557/mrs.2018.204},
	issn = {0883-7694},
	journal = {MRS Bulletin},
	month = {sep},
	number = {09},
	pages = {683--689},
	title = {{Strategies for accelerating the adoption of materials informatics}},
	url = {https://www.cambridge.org/core/product/identifier/S088376941800204X/type/journal{\_}article},
	volume = {43},
	year = {2018}
}

@inproceedings{babuji19parsl,
	author = {Babuji, Yadu and Woodard, Anna and Li, Zhuozhao and Clifford, Ben and Kumar, Rohan and Lacinski, Lukasz and Chard, Ryan and Wozniak, Justin and Foster, Ian and Wilde, Michael and Katz, Daniel and Chard, Kyle},
	title = {Parsl: Pervasive Parallel Programming in Python},
	booktitle = {ACM Int'l Symposium on High-Performance Parallel and Distributed Computing},
	year = {2019}
} 

@misc{nistMDR,
	author = {NIST},
	year = 2019,
	title = {NIST Materials Data Repository},
	howpublished = {\url{https://materialsdata.nist.gov}},
}

@inproceedings{skluzacek2016klimatic,
  title={Klimatic: a virtual data lake for harvesting and distribution of geospatial data},
  author={Skluzacek, Tyler J and Chard, Kyle and Foster, Ian},
  booktitle={2016 1st Joint International Workshop on Parallel Data Storage and data Intensive Scalable Computing Systems (PDSW-DISCS)},
  pages={31--36},
  year={2016},
  organization={IEEE}
}

@inproceedings{skluzacek2018skluma,
  title={Skluma: An extensible metadata extraction pipeline for disorganized data},
  author={Skluzacek, Tyler J and Kumar, Rohan and Chard, Ryan and Harrison, Galen and Beckman, Paul and Chard, Kyle and Foster, Ian},
  booktitle={2018 IEEE 14th International Conference on e-Science (e-Science)},
  pages={256--266},
  year={2018},
  organization={IEEE}
}

@article{michener2011dataone,
  title={DataONE: Data Observation Network for Earth—Preserving data and enabling innovation in the biological and environmental sciences},
  author={Michener, William and Vieglais, Dave and Vision, Todd and Kunze, John and Cruse, Patricia and Jan{\'e}e, Greg},
  journal={D-Lib Magazine},
  volume={17},
  number={1/2},
  pages={12},
  year={2011},
  publisher={Corporation for National Research Initiatives}
}


@MISC {unitedstatesdepartmentofenergy2019,
    author       = "United States Department of Energy",
    title        = "ESS-DIVE: Carbon Dioxide Information Analysis Center (CDIAC)",
    howpublished = "https://cdiac.ess-dive.lbl.gov",
    year         = "2019"
}